<record><leader>00000cas a22000007a 4500</leader><controlfield tag="001">14985797</controlfield><controlfield tag="008">861217d19151915inuwr ne      0    0eng d</controlfield><datafield ind1=" " ind2=" " tag="010"><subfield code="a">sn 86059118 </subfield></datafield><datafield ind1=" " ind2=" " tag="040"><subfield code="a">NPI</subfield><subfield code="b">eng</subfield><subfield code="c">NPI</subfield><subfield code="d">OCLCQ</subfield></datafield><datafield ind1=" " ind2=" " tag="042"><subfield code="a">msc</subfield></datafield><datafield ind1="0" ind2=" " tag="130"><subfield code="a">Warren Republican (Williamsport, Ind. : 1915)</subfield></datafield><datafield ind1="1" ind2="4" tag="245"><subfield code="a">The Warren Republican.</subfield></datafield><datafield ind1=" " ind2=" " tag="260"><subfield code="a">Williamsport, Ind. :</subfield><subfield code="b">T.A. Clifton &amp; Son,</subfield><subfield code="c">1915.</subfield></datafield><datafield ind1=" " ind2=" " tag="310"><subfield code="a">Weekly</subfield></datafield><datafield ind1="0" ind2=" " tag="362"><subfield code="a">Vol. 71, no. 21 (May 7, 1915)-v. 71, no. 24 (May 28, 1915).</subfield></datafield><datafield ind1=" " ind2=" " tag="515"><subfield code="a">Numbering based on earlier title with the same name.</subfield></datafield><datafield ind1=" " ind2=" " tag="515"><subfield code="a">Suspended with May 28, 1915 issue due to Postmaster general's ruling regarding paper's title.</subfield></datafield><datafield ind1=" " ind2=" " tag="752"><subfield code="a">United States</subfield><subfield code="b">Indiana</subfield><subfield code="c">Warren</subfield><subfield code="d">Williamsport.</subfield></datafield><datafield ind1="0" ind2="0" tag="785"><subfield code="t">Williamsport pioneer (Williamsport, Ind. : 1915)</subfield><subfield code="w">(DLC)sn 86058049</subfield><subfield code="w">(OCoLC)13204157</subfield></datafield></record>